@book{Chapter0,
    AUTHOR = {Aluffi, Paolo},
     TITLE = {Algebra: chapter 0},
    SERIES = {Graduate Studies in Mathematics},
    VOLUME = {104},
 PUBLISHER = {American Mathematical Society, Providence, RI},
      YEAR = {2009},
     PAGES = {xx+713},
      ISBN = {978-0-8218-4781-7},
   MRCLASS = {00-01 (12-01 13-01 20-01)},
  MRNUMBER = {2527940},
       DOI = {10.1090/gsm/104},
}
@book{BNU,
    Author = {张英伯 and 王恺顺},
    Language = {chinese},
    Title = {代数学基础 (下册)},
    Publisher = {北京师范大学出版社},
    Year = {2013}
}
@book{wwli,
    Author = {李文威},
    Language = {chinese},
    Title = {代数学方法 (第一卷)},
    Publisher = {高等教育出版社},
    Series = {现代数学基础},
    Volume = {67},
    Year = {2019}
}
@book{Lang,
    AUTHOR = {Lang, Serge},
     TITLE = {Algebra},
    SERIES = {Graduate Texts in Mathematics},
    VOLUME = {211},
   EDITION = {third},
 PUBLISHER = {Springer-Verlag, New York},
      YEAR = {2002},
     PAGES = {xvi+914},
      ISBN = {0-387-95385-X},
   MRCLASS = {00A05 (15-02)},
  MRNUMBER = {1878556},
       DOI = {10.1007/978-1-4613-0041-0},
}
@book{Hungerford,
    AUTHOR = {Hungerford, Thomas W.},
     TITLE = {Algebra.},
    SERIES = {},
      NOTE = {Reprint of the 1974 original.},
 PUBLISHER = {Springer-Verlag, New York-Berlin},
      YEAR = {1980},
     PAGES = {xxiii+502},
      ISBN = {0-387-90518-9},
   MRCLASS = {00A05 (15-01 16-01)},
  MRNUMBER = {600654},
}